<?xml version="1.0" encoding="UTF-8"?><collection xmlns="http://www.loc.gov/MARC21/slim"><record><leader>00311nam--2200121-i-4500</leader><controlfield tag="001">000020456</controlfield><controlfield tag="002">20161230</controlfield><controlfield tag="005">20161230201033</controlfield><controlfield tag="008">060222s1000------------r-----000-0-eng-d</controlfield><datafield ind1=" " ind2=" " tag="080"><subfield code="a">061.62(494):001.891:539.12(047.1)</subfield></datafield><datafield ind1=" " ind2=" " tag="245"><subfield code="a">Cern. annual report 1994. volume i</subfield></datafield><datafield ind1=" " ind2=" " tag="260"><subfield code="a">Geneva, Cern, 1995 43 P</subfield></datafield><datafield ind1=" " ind2=" " tag="852"><subfield code="a">5802</subfield></datafield></record></collection>